<?xml version="1.0" encoding="UTF-8"?><collection xmlns="http://www.loc.gov/MARC21/slim"><record><leader>00482nam--2200169-u-4500</leader><controlfield tag="001">000052207</controlfield><controlfield tag="002">20161230</controlfield><controlfield tag="005">20161230201050</controlfield><controlfield tag="008">100521s1000------------r-----000-0-rus-d</controlfield><datafield ind1=" " ind2=" " tag="040"><subfield code="a">IFIN-HH</subfield></datafield><datafield ind1=" " ind2=" " tag="041"><subfield code="a">rus</subfield></datafield><datafield ind1="1" ind2=" " tag="100"><subfield code="a">Stratonovia, R.L</subfield></datafield><datafield ind1="1" ind2="0" tag="245"><subfield code="a">Uslovnie Markobskie protessi i ih primenenie k toerii optimalinogo upravleniia</subfield><subfield code="c">R.L. Stratonovia</subfield></datafield><datafield ind1=" " ind2=" " tag="260"><subfield code="a">Moskva</subfield><subfield code="b">Moskvskogo unibersiteta</subfield><subfield code="c">1966</subfield></datafield><datafield ind1=" " ind2=" " tag="300"><subfield code="a">240 p</subfield></datafield><datafield ind1=" " ind2=" " tag="852"><subfield code="a">23359</subfield><subfield code="c">519.2</subfield></datafield><datafield ind1=" " ind2=" " tag="CAT"><subfield code="a">Sys</subfield><subfield code="c">20100521</subfield><subfield code="h">085532</subfield></datafield></record></collection>